@misc{web:name_linda,
	author = "John Markoff",
	title = "David Gelernter's Romance With Linda",
	howpublished = "\url{http://www.nytimes.com/1992/01/19/business/david-gelernter-s-romance-with-linda.html}",
	year = "1992",
	note = "Accessado: 2014-12-20",
}

@misc{web:javaspaces,
	author = "{Apache Software Foundation}",
	title = "{JS - JavaSpaces\textsuperscript{TM}} Service Specification",
	howpublished = "\url{https://river.apache.org/doc/specs/html/js-spec.html}",
	note = "Accessado: 2014-12-20",
}

@misc{web:go,
	author = "{Google Inc.}",
	title = "The {Go} Programming Language",
	howpublished = "\url{http://golang.org/}",
	note = "Accessado: 2014-12-20",
}

@misc{web:master_slave,
	author = "{National Instruments}",
	title = "Application Design Patterns: {Master/Slave}",
	howpublished = "\url{http://www.ni.com/white-paper/3022/en/}",
	year = "2006",
	note = "Accessado: 2014-12-20",
}

@misc{web:riemann,
	author = "{Encyclopedia of Mathematics}",
	title = "Riemann integral",
	howpublished = "\url{http://www.encyclopediaofmath.org/index.php?title=Riemann_integral&oldid=29281}",
	note = "Accessado: 2014-12-20",
}